=LDR  01806cas a22005055i 4500
=001  020294668
=003  Uk
=005  20230426111133.0
=006  m\\\\\|\\d\|\\\\\\
=007  cr\|||||||||||
=008  210814c\\\\9999\\\\\\p\o\\\\\0\\\a0eng\\
=022  \\$a1532-298X
=037  \\$aISSN_1532298X_4$bPortico$nOxford University Press
=245  00$aThe Plant Cell
=264  \1$bAmerican Society of Plant Biologists
=336  \\$atext$2rdacontent
=337  \\$acomputer$2rdamedia
=338  \\$aonline resource$2rdacarrier
=540  \\$aCurrent Copyright Fee: GBP32.00$c29\0$5Uk
=852  41$aBritish Library$bHMNTS$jELD Digital store$3Volume 26:Issue 1(2014)-
=856  \\$31850-9999$uhttp://www.oxfordjournals.org/$xBLDSS
=859  \\$aXLD$bejournal$cSFX
=859  \\$aELD$bejournal
=945  \1$aPlant Cell
=959  \\$fCurrently available
=979  \\$aBritish Library$bDSC$j6514.180000
=985  \\$aELD accessioning record awaiting upgrade
=CAT  \\$a10983$b40$c20210814$lBLL01$h1259
=CAT  \\$a12654$b40$c20230302$lBLL01$h1044
=CAT  \\$a12654$b40$c20230302$lBLL01$h1048
=CAT  \\$aBLDSS-3PM$b00$c20230306$lBLL01$h1311
=CAT  \\$aBATCH-UPD$b00$c20230306$lBLL01$h1311
=CAT  \\$aBATCH-UNOA$c20230308$lBLL01$h0217
=CAT  \\$aS2302-1302$c20230322$lBLL01$h1708
=CAT  \\$aS2302-1302$c20230323$lBLL01$h1444
=CAT  \\$aIPL-CLA$c20230331$lBLL01$h1547
=CAT  \\$aS2304-0519$c20230412$lBLL01$h1141
=CAT  \\$aBATCH-SUPP$c20230426$lBLL01$h1111
=CFI  0\$aCurrent Copyright Fee: GBP32.00$c29\0$e01-apr-2023$fGBP32.00$g0$hP$5Uk
=CFI  2\$aPrevious copyright fee: GBP22.00$c29\0$e02-mar-2023$fGBP22.00$g0$hP$5Uk
=FFP  \\$aY$bBLDSS-3PM
=FMT  \\$a  SE
=LAS  \\$aBATCH-SUPP$b00$c20230426$lBLL01$h1111
=MNI  \\$a1040-4651
=UNO  \\$aY